symbol,period,announcement_date,roe,roa,net_margin,debt_to_equity,current_ratio,revenue_growth_yoy,profit_growth_yoy,net_profit,net_sales,total_assets,total_liabilities,total_equity,current_liabilities,current_assets,long_term_liabilities,revenue,operating_profit,ebitda,gross_profit,total_debt
GARAN,2015/3,2020-01-30 18:10:20,0.031408555579108224,0.0037135227935269073,,0.0,,,,862448000.0,,232245242039.0,232245242039.0,27459015039.0,,,,,953802000.0,,,0
GARAN,2015/6,2020-01-30 18:10:20,0.06969695520985207,0.008217831306701173,,0.0,,,,1938686000.0,,235912119347.0,235912119347.0,27815935347.0,,,,,2222148000.0,,,0
GARAN,2015/9,2020-01-30 18:10:20,0.0873450135428855,0.00947043147341305,,0.0,,,,2468938000.0,,260699632000.0,260699632000.0,28266502000.0,,,,,2856567000.0,,,0
GARAN,2015/12,2020-01-30 18:10:20,0.10995451897942146,0.013393380375553782,,0.0,,,,3406507000.0,,254342586000.0,254342586000.0,30981055000.0,,,,,3908562000.0,,,0
GARAN,2016/3,2020-01-30 18:10:20,0.032887306506910255,0.003936515110808419,,0.0,,,0.20649360889004323,1040538000.0,,264329736000.0,264329736000.0,31639502000.0,,,,,1139905000.0,,,0
GARAN,2016/6,2020-01-30 18:10:20,0.07804866923289638,0.009866067961664353,,0.0,,,0.33093342604217496,2580262000.0,,261528910000.0,261528910000.0,33059654000.0,,,,,2927582000.0,,,0
GARAN,2016/9,2020-01-30 18:10:20,0.11346998196030152,0.014504196777736891,,0.0,,,0.5840332969074152,3910880000.0,,269637820000.0,269637820000.0,34466208000.0,,,,,4460599000.0,,,0
GARAN,2016/12,2020-01-30 18:10:20,0.1426753027934319,0.017844281685303182,,0.0,,,0.4884892354543819,5070549000.0,,284155400000.0,284155400000.0,35539080000.0,,,,,5895166000.0,,,0
GARAN,2017/3,2020-01-30 18:10:20,0.041946736806800194,0.005078051792627188,,0.0,,,0.4661156055809591,1525549000.0,,300420134000.0,300420134000.0,36368717000.0,,,,,1736127000.0,,,0
GARAN,2017/6,2020-01-30 18:10:20,0.0810240412291715,0.00997645011388139,,0.0,,,0.19350864369587276,3079565000.0,,308683446000.0,308683446000.0,38008040000.0,,,,,3516033000.0,,,0
GARAN,2017/9,2020-01-30 18:10:20,0.11744361969155509,0.01493318010573873,,0.0,,,0.18767412960765864,4644851000.0,,311042321000.0,311042321000.0,39549624000.0,,,,,5389657000.0,,,0
GARAN,2017/12,2020-01-30 18:10:20,0.1534898204044837,0.019505813251485614,,0.0,,,0.2511307947127619,6343920000.0,,325232274000.0,325232274000.0,41331210000.0,,,,,7543371000.0,,,0
GARAN,2018/3,2020-01-30 18:10:20,0.04709804577831024,0.006099998383825909,,0.0,,,0.308545972630181,1996251000.0,,327254349000.0,327254349000.0,42385007000.0,,,,,2268141000.0,,,0
GARAN,2018/6,2020-01-30 18:10:20,0.0882243931361656,0.011180398527338853,,0.0,,,0.26757058220885094,3903566000.0,,349143726000.0,349143726000.0,44245881000.0,,,,,4410563000.0,,,0
GARAN,2018/9,2020-01-30 18:10:20,0.11999012938208516,0.013575077534207846,,0.0,,,0.20054120142928158,5576335000.0,,410777396000.0,410777396000.0,46473281000.0,,,,,6427829000.0,,,0
GARAN,2018/12,2020-01-30 18:10:20,0.1421833640540292,0.01846636160253634,,0.0,,,0.04639339714246081,6638236000.0,,359477202000.0,359477202000.0,46687853000.0,,,,,7693570000.0,,,0
GARAN,2019/3,2020-01-30 18:10:20,0.0357310689170641,0.004479797296939933,,0.0,,,-0.13740155922276306,1721963000.0,,384384133000.0,384384133000.0,48192317000.0,,,,,1878381000.0,,,0
GARAN,2019/6,2020-01-30 18:10:20,0.07219494885750617,0.00946934602495182,,0.0,,,-0.06933301499193302,3632920000.0,,383650570000.0,383650570000.0,50320972000.0,,,,,3968938000.0,,,0
GARAN,2019/9,2020-01-30 18:10:20,0.09582862191004789,0.013187208783960883,,0.0,,,-0.11475386611457167,4936429000.0,,374334636000.0,374334636000.0,51513096000.0,,,,,5346666000.0,,,0
GARAN,2019/12,2020-01-30 18:10:20,0.11454970166276746,0.01574537967017295,,0.0,,,-0.0722172275887751,6158841000.0,,391152270000.0,391152270000.0,53765666000.0,,,,,6922338000.0,,,0
GARAN,2020/3,2020-04-29 18:10:10,0.029729492427860375,0.003908252125569041,,0.0,,,-0.0526126287266335,1631366000.0,,417415752000.0,417415752000.0,54873658000.0,,,,,1725721000.0,,,0
GARAN,2020/6,2020-07-29 18:11:13,0.05562058501520894,0.007214610182245625,,0.0,,,-0.11052954648051705,3231375000.0,,447893222000.0,447893222000.0,58096746000.0,,,,,3667055000.0,,,0
GARAN,2020/9,2020-10-27 18:13:10,0.08482994138426915,0.01068813776126537,,0.0,,,0.038654663117812495,5127245000.0,,479713596000.0,479713596000.0,60441454000.0,,,,,5930704000.0,,,0
GARAN,2020/12,2021-01-28 18:11:11,0.10048050696015637,0.01265834130516243,,0.0,,,0.012853392383404605,6238003000.0,,492797820000.0,492797820000.0,62081723000.0,,,,,7316382000.0,,,0
GARAN,2021/3,2021-04-29 18:11:14,0.0420780867810912,0.005204230484745479,,0.0,,,0.6439750491306059,2681925000.0,,515335554000.0,515335554000.0,63736857000.0,,,,,2519770000.0,,,0
GARAN,2021/6,2021-07-29 18:11:12,0.08523421567412613,0.010423174874224887,,0.0,,,0.7753105102317125,5736694000.0,,550378754000.0,550378754000.0,67305060000.0,,,,,5474894000.0,,,0
GARAN,2021/9,2021-10-27 18:10:18,0.13464990919462494,0.01663618978452376,,0.0,,,0.8609383791880435,9541487000.0,,573537999000.0,573537999000.0,70861444000.0,,,,,10195910000.0,,,0
GARAN,2021/12,2022-02-02 18:10:15,0.17005407479269613,0.017922644259643253,,0.0,,,1.180367499021722,13601139000.0,,758880152000.0,758880152000.0,79981259000.0,,,,,15371014000.0,,,0
GARAN,2022/3,2022-04-25 07:30:17,0.0848886067703749,0.009644264681765203,,0.0,,,2.0611120743495808,8209673000.0,,851249242000.0,851249242000.0,96711129000.0,,,,,9885837000.0,,,0
GARAN,2022/6,2022-07-28 18:10:09,0.18881695568035167,0.02149009122592236,,0.0,,,2.6773692304313252,21095942000.0,,981659025000.0,981659025000.0,111726947000.0,,,,,24211621000.0,,,0
GARAN,2022/9,2022-10-27 18:10:10,0.2940396298236577,0.03532584766797135,,0.0,,,3.0462141802425555,38606900000.0,,1092879649000.0,1092879649000.0,131298288000.0,,,,,45811730000.0,,,0
GARAN,2022/12,2023-02-01 08:30:11,0.3832005048442945,0.05078163367425439,,0.0,,,3.301783696203678,58509158000.0,,1152171637000.0,1152171637000.0,152685493000.0,,,,,70284888000.0,,,0
GARAN,2023/3,2023-04-27 08:20:50,0.09052654023572274,0.012030476131221731,,0.0,,,0.9166506388256876,15735075000.0,,1307934518000.0,1307934518000.0,173817258000.0,,,,,14971970000.0,,,0
GARAN,2023/6,2023-07-27 18:10:16,0.1823064748535032,0.02048983426512742,,0.0,,,0.6214013102614712,34204988000.0,,1669363820000.0,1669363820000.0,187623550000.0,,,,,34223512000.0,,,0
GARAN,2023/9,2023-10-30 18:10:13,0.26871973270947325,0.03303407050539396,,0.0,,,0.49137250077058764,57577269000.0,,1742966220000.0,1742966220000.0,214265132000.0,,,,,60879775000.0,,,0
GARAN,2023/12,2024-01-29 18:14:43,0.3567515344272482,0.04524829851821409,,0.0,,,0.4926162499210807,87331720000.0,,1930055336000.0,1930055336000.0,244797041000.0,,,,,89089085000.0,,,0
GARAN,2024/3,2024-04-29 08:00:21,0.08740094651235525,0.010307937185074254,,0.0,,,0.41826397395627285,22316490000.0,,2164981179000.0,2164981179000.0,255334649000.0,,,,,21943251000.0,,,0
GARAN,2024/6,2024-07-30 18:10:19,0.16052895977562348,0.019384671839507712,,0.0,,,0.3108848919929456,44838802000.0,,2313106065000.0,2313106065000.0,279319084000.0,,,,,45664216000.0,,,0
GARAN,2024/9,2024-10-30 18:10:17,0.22116074202601502,0.026813790819144805,,0.0,,,0.16250338306250683,66933770000.0,,2496244207000.0,2496244207000.0,302647610000.0,,,,,68736090000.0,,,0
GARAN,2024/12,2025-01-29 18:10:09,0.27938054423224445,0.03534761166660702,,0.0,,,0.05545836037581763,92174994000.0,,2607672475000.0,2607672475000.0,329926317000.0,,,,,97978674000.0,,,0
GARAN,2025/3,2025-04-28 18:10:07,0.07446935069729207,0.008330851374470037,,0.0,,,0.13298937243267198,25284346000.0,,3035025457000.0,3035025457000.0,339526876000.0,,,,,26482472000.0,,,0
GARAN,2025/6,2025-07-30 18:10:15,0.14197457691617685,0.01651556425461507,,0.0,,,0.19561947707701913,53610145000.0,,3246037748000.0,3246037748000.0,377603837000.0,,,,,54254530000.0,,,0
GARAN,2025/9,2025-10-30 08:00:08,0.2047642929359426,0.024019068364232097,,0.0,,,0.2556000804974828,84042047000.0,,3498971972000.0,3498971972000.0,410433117000.0,,,,,84485427000.0,,,0
